@article {Turner2011,
   author = {Turner, Glenn and Cuthbertson, Daniel and Voo, Siau and Settles, Matthew and Grimes, Howard and Lange, B.},
   affiliation = {Institute of Biological Chemistry, M.J. Murdock Metabolomics Laboratory, Washington State University, P.O. Box 646340, Pullman, WA 99164-6340, USA},
   title = {Experimental sink removal induces stress responses, including shifts in amino acid and phenylpropanoid metabolism, in soybean leaves},
   journal = {Planta},
   publisher = {Springer Berlin / Heidelberg},
   issn = {0032-0935},
   keyword = {Biomedical and Life Sciences},
   pages = {1-16},
   url = {http://dx.doi.org/10.1007/s00425-011-1551-4},
   note = {10.1007/s00425-011-1551-4},

}
