@article{Turner2011,
   author = {Turner, Glenn and Cuthbertson, Daniel and Voo, Siau and Settles, Matthew and Grimes, Howard and Lange, B.},
   title = {Experimental sink removal induces stress responses, including shifts in amino acid and phenylpropanoid metabolism, in soybean leaves},
   journal = {Planta},
   publisher = {Springer Berlin / Heidelberg},
   issn = {0032-0935},
   keyword = {Biomedical and Life Sciences},
   pages = {1-16},
   url = {http://dx.doi.org/10.1007/s00425-011-1551-4},
   note = {10.1007/s00425-011-1551-4},

}
@article{Kempster13,
    author = {Kempster, , Ryan M. AND Hart, , Nathan S. AND Collin, , Shaun P.},
    journal = {PLoS ONE},
    publisher = {Public Library of Science},
    title = {Survival of the Stillest: Predator Avoidance in Shark Embryos},
    year = {2013},
    month = {01},
    volume = {8},
    url = {http://dx.doi.org/10.1371%2Fjournal.pone.0052551},
    pages = {e52551},
    number = {1},
    doi = {10.1371/journal.pone.0052551}
}        
